@BOOK{AddaCooper:2003,
  AUTHOR = {J\'{e}r\^{o}me Adda and Russell Cooper},
  TITLE = {Dynamic Economics: Quantitative Methods and Applications},
  PUBLISHER = {MIT Press},
  YEAR = {2003},
}

@BOOK{DavidsonMacKinnon:2004,
  AUTHOR = {Russell Davidson and James G. MacKinnon},
  TITLE = {Econometric Theory and Methods},
  PUBLISHER = {Oxford University Press},
  YEAR = {2004},
}

@ARTICLE{DuffieSingleton:1993,
  AUTHOR = {Darrell Duffie and Kenneth J. Singleton},
  TITLE = {Simulated Moment Estimation of Markov Models of Asset Prices},
  JOURNAL = {Econometrica},
  YEAR = {1993},
  volume = {61},
  number = {4},
  month = {July},
  pages = {929-952},
}

@BOOK{GourierouxMonfort:1996,
  AUTHOR = {Christian Gourieroux and Alain Monfort},
  TITLE = {Simulation-based Econometric Methods},
  PUBLISHER = {Oxford University Press},
  YEAR = {1996},
}

@ARTICLE{LaroqueSalanie:1993,
  AUTHOR = {G. Laroque and B. Salanie},
  TITLE = {Simulation Based Estimation Models with Lagged Latent Variables},
  JOURNAL = {Journal of Applied Econometrics},
  YEAR = {1993},
  volume = {8},
  number = {Supplement},
  month = {December},
  pages = {119-133},
}

@ARTICLE{LeeIngram:1991,
  AUTHOR = {{Bong-Soo} Lee and Beth Fisher Ingram},
  TITLE = {Simulation Based Estimation of Time-series Models},
  JOURNAL = {Journal of Econometrics},
  YEAR = {1991},
  volume = {47},
  number = {2-3},
  month = {February},
  pages = {197-205},
}

@ARTICLE{McFadden:1989,
  AUTHOR = {Daniel McFadden},
  TITLE = {A Method of Simulated Moments for Estimation of Discrete Response Models without Numerical Integration},
  JOURNAL = {Econometrica},
  YEAR = {1989},
  volume = {57},
  number = {5},
  month = {September},
  pages = {995-1026},
}

@BOOK{Varian:1992,
  AUTHOR = {Hal R. Varian},
  TITLE = {Microeconomic Analysis},
  PUBLISHER = {W. W. Norton \& Company},
  YEAR = {1992},
  edition = {third edition},
}
